@Book{Forner2022,
  author    = {Forner, Andreas},
  publisher = {Springer Fachmedien Wiesbaden},
  title     = {Volkswirtschaftslehre},
  year      = {2022},
  month     = feb,
  ean       = {9783658361099},
  pagetotal = {530},
  url       = {https://www.ebook.de/de/product/42233995/andreas_forner_volkswirtschaftslehre.html},
}

@Book{MargaretaKulessa2021,
  author    = {Kulessa, Margareta and El-Mohammed, Maruan},
  publisher = {UTB GmbH},
  title     = {Mikroökonomie und Wettbewerb: Soziale Marktwirtschaft verstehen},
  year      = {2021},
  isbn      = {3825257029},
  month     = aug,
  ean       = {9783825257026},
  pagetotal = {277},
  url       = {https://www.ebook.de/de/product/40502940/margareta_kulessa_maruan_el_mohammed_mikrooekonomie_und_wettbewerb_soziale_marktwirtschaft_verstehen.html},
}

@book{Pollert2016,
  title     = {Duden Wirtschaft von A bis Z: Grundlagenwissen für Schule und Studium, Beruf und Alltag},
  author    = {Pollert, Achim and Kirchner, Bernd and Polzin, Javier Morato and Pollert, Marc Constantin},
  isbn      = {9783411912155},
  series    = {Duden Spezialwörterbücher},
  url       = {https://books.google.de/books?id=KWeFnQAACAAJ},
  year      = {2016},
  publisher = {Bibliographisches Institut}
}

@Book{Pluemer2016,
  author    = {Plümer, Thomas and Niemann, Martin},
  publisher = {Westdeutscher Verlag GmbH},
  title     = {Existenzgründung Schritt Für Schritt Mit 2 Ausführlichen Businessplänen},
  year      = {2016},
  isbn      = {9783834946935},
  subtitle  = {Mit 2 Ausführlichen Businessplänen},
}

@Book{Schinnerl2021,
  author    = {Schinnerl, Rudolf},
  publisher = {Springer Fachmedien Wiesbaden},
  title     = {Erfolgreich in die Selbstständigkeit},
  year      = {2021},
  month     = sep,
  ean       = {9783658335281},
  pagetotal = {262},
  url       = {https://www.ebook.de/de/product/41442469/rudolf_schinnerl_erfolgreich_in_die_selbststaendigkeit.html},
}

@Book{hahn_finanzierung_2018,
	address = {Wiesbaden [Heidelberg]},
	edition = {2., vollständig akutalisierte und überarbeitete Auflage},
	title = {Finanzierung von {Start}-up-{Unternehmen}: {Praxisbuch} für erfolgreiche {Gründer}: {Finanzierung}, {Besteuerung}, {Investor} {Relations}},
	isbn = {978-3-658-20642-0 978-3-658-20641-3},
	shorttitle = {Finanzierung von {Start}-up-{Unternehmen}},
	language = {ger},
	publisher = {Springer Gabler},
	editor = {Hahn, Christopher},
	year = {2018},
	doi = {10.1007/978-3-658-20642-0},
	annote = {Enthält 12 Beiträge Frühere Auflage unter dem Titel: Finanzierung und Besteuerung von Start-up-Unternehmen. - Enthält 12 Beiträge},
}

@Book{posner_early_2012,
	address = {Place of publication not identified},
	title = {Early stage-finanzierungen spannungsfeld zwischen grndern, investoren und staatlichen ..},
	isbn = {978-3-322-94438-2},
	language = {ger},
	publisher = {Gabler},
	author = {Posner, Dirk},
	year = {2012},
	note = {OCLC: 1249075850},
}

@article{herp1990anders,
  title={Anders statt besser, Ausgangspunkt f{\"u}r Quantenspr{\"u}nge},
  author={Herp, T},
  journal={Absatzwirtschaft, Jg},
  volume={33},
  pages={76--80},
  year={1990}
}

@online{dissertationprime2015,
  author = {dissertationprime},
  title = {Marketing Plan of {Hyatt} Sample},
  year = 2015,
  url = {https://www.slideshare.net/dissertationprime/marketing-plan-sample-43609508},
  urldate = {2023-03-04}
}

@Article{Rudolph2009,
  author    = {Thomas Rudolph and Tillmann Wagner and Timo Sohl},
  journal   = {Marketing Review St. Gallen},
  title     = {Kundensegmentierung im Handel {\textemdash} Kaufmotive erkennen und nutzen},
  year      = {2009},
  month     = {aug},
  number    = {4},
  volume    = {26},
  doi       = {10.1007/s11621-009-0104-8},
  publisher = {Springer Science and Business Media {LLC}},
}

@InCollection{Wenger2021,
  author    = {Stephan Wenger},
  booktitle = {Praxishandbuch B2B-Marketing},
  publisher = {Springer Fachmedien Wiesbaden},
  title     = {Erfolgreiches Lead Management {\textendash} Nothing's Gonna Stop us Now},
  year      = {2021},
  pages     = {287--313},
  doi       = {10.1007/978-3-658-31651-8_11},
}

@online{Schroer,
  author = {Kevin Schroer},
  title = {Standortfaktoren},
  url = {https://www.slideshare.net/dissertationprime/marketing-plan-sample-43609508},
  urldate = {2023-03-01}
}

@Book{Ragotzky2020,
  author    = {Serge Ragotzky and Frank-Andreas Schittenhelm and Süleyman Torasan},
  publisher = {utb {GmbH}},
  title     = {Business Plan Schritt für Schritt},
  year      = {2020},
  month     = {oct},
  doi       = {10.36198/9783838552262},
}

@online{coca2021,
  author = {{Pressestelle Coca Cola}},
  date = {2021-11-11},
  title = {{Coca Cola} feiert die Magie von Weihnachten},
  url = {https://www.coca-cola-deutschland.de/media-newsroom/weihnachtskampagne-real-magic},
  urldate = {2023-03-04}
}

@Book{Joens2018,
  editor    = {Ingela Jöns and Walter Bungard},
  publisher = {Springer Fachmedien Wiesbaden},
  title     = {Feedbackinstrumente im Unternehmen},
  year      = {2018},
  doi       = {10.1007/978-3-658-20759-5},
}

@Book{Naumer2021,
  editor    = {Hans-Jörg Naumer},
  publisher = {Springer Fachmedien Wiesbaden},
  title     = {Vermögensbildungspolitik},
  year      = {2021},
  doi       = {10.1007/978-3-658-34057-5},
}

@online{Gervinov2020,
  author = {Gerginov, David},
  publisher = {GeVestor Financial Publishing Group},
  date = {2020-01-30},
  title = {Venture Capital: Beispiel Google},
  url = {https://www.gevestor.de/aktienmarkt-boerse/usa/alphabet-aktie/venture-capital-das-beispiel-google-633167.html},
  urldate = {2023-03-02}
}

@misc {Scheed2021,
title = {Strategisches Vertriebsmanagement: Methoden für den systematischen B2B-Vertrieb im digitalen Zeitalter},
author = {Scheed, Bernd and Scherer, Petra},
editor = {Scheed, Bernd and Scherer, Petra},
series = {Springer eBook Collection},
address = {Wiesbaden},
publisher = {Springer Gabler},
year = {2021},
edition = {2., überarbeitete und erweiterte Auflage},
isbn = {978-3-6583-4548-8},
language = {Deutsch},
url = {http://dx.doi.org/10.1007/978-3-658-34548-8},
}


@online{Statista1,
  author = {ARD and ZDF},
  publisher = {Statista GmbH},
  year = {2022},
  title = {Anteil der Nutzer von Social-Media-Plattformen nach Altersgruppen in Deutschland im Jahr 2022},
  url = {https://de.statista.com/statistik/daten/studie/543605/umfrage/verteilung-der-nutzer-von-social-media-plattformen-nach-altersgruppen-in-deutschland/},
  urldate = {2023-03-05}
}

@online{Statista2,
  author = {HypeAuditor},
  publisher = {Statista GmbH},
  year = {2021},
  title = {Anteil der Nutzer von TikTok nach Altersgruppen und Geschlecht weltweit im Jahr 2021},
  url = {https://de.statista.com/statistik/daten/studie/543605/umfrage/verteilung-der-nutzer-von-social-media-plattformen-nach-altersgruppen-in-deutschland/},
  urldate = {2023-03-05}
}

@Comment{jabref-meta: databaseType:bibtex;}
